<?xml version="1.0" encoding="UTF-8"?><collection xmlns="http://www.loc.gov/MARC21/slim"><record><leader>00504nam--2200157-i-4500</leader><controlfield tag="001">000036882</controlfield><controlfield tag="002">20161230</controlfield><controlfield tag="005">20170222171333</controlfield><controlfield tag="008">060222s1000------------r-----000-0-eng-d</controlfield><datafield ind1=" " ind2=" " tag="080"><subfield code="a">621.039.33(043)</subfield></datafield><datafield ind1=" " ind2=" " tag="100"><subfield code="a">Popescu, Vasile</subfield></datafield><datafield ind1=" " ind2=" " tag="245"><subfield code="a">Asupra materiilor prime utilizate in procesul de separare prin schimb izotopic h2s-h2o, la doua temperaturi, pentru producerea apei grele</subfield><subfield code="b">Teza de doctorat</subfield></datafield><datafield ind1=" " ind2=" " tag="260"><subfield code="a">Bucuresti</subfield><subfield code="b">Ifa</subfield><subfield code="c">1977</subfield></datafield><datafield ind1=" " ind2=" " tag="300"><subfield code="a">136 p</subfield></datafield><datafield ind1=" " ind2=" " tag="852"><subfield code="a">44741</subfield></datafield><datafield ind1=" " ind2=" " tag="CAT"><subfield code="a">SYS</subfield><subfield code="c">20170222</subfield><subfield code="h">171333</subfield></datafield></record></collection>